2850 4448
676 124 719 187 44

112 317 237 383 nienses
260 317 292 381 in
315 316 471 381 [melicos
494 317 629 402 imagine
653 317 826 403 Elpinicen,
850 316 992 383 Cimonis
1015 340 1164 398 sororem,
1185 340 1285 403 ugno-

113 429 266 507 vernum).
311 424 391 489 Cum
416 424 582 510 Elpinicen
610 448 692 488 umm
720 428 786 489 489
815 424 912 517 κόρην
935 424 1033 489 fuiss(
1059 424 1218 496 traditum,
1232 425 1284 505 sit,

112 532 177 595 lieri
208 556 269 596 non
300 540 407 617 potest
436 532 511 617 «sitin
541 540 614 595 emto
642 554 758 596 aunum
781 534 846 597 470
870 532 956 618 picta
978 534 1034 613 sit,
1064 554 1138 597 nam
1164 531 1202 596 Il.
1218 530 1284 612 ΙΙΙ,

115 642 179 703 124
206 638 345 703 Laodice
373 634 459 721 sides
481 636 592 731 (lolem
616 639 792 725 appelletur
814 647 847 703 et
869 638 910 703 ad
933 639 1021 703 ouius
1045 638 1285 703 similitudinem

112 747 198 831 pieta
216 754 303 829 est-²),
326 768 365 810 ne
385 746 529 831 Elpinice
556 744 684 831 quidem
712 746 788 811 llere
816 746 990 811 iuventutis
1019 768 1126 811 carere
1148 752 1284 832 poteret

219 852 331 939 ltaque
354 876 539 939 persuasmn
563 853 662 917 habeo
686 853 898 939 Polygnotum
920 854 982 918 iam
997 862 1070 918 ante
1086 876 1203 917 annum
1218 855 1283 917 470

113 960 249 1024 Athenis
279 960 421 1025 llornisse
452 984 489 1024 eo
519 959 674 1025 adscitum
703 960 839 1025 fomusse
863 985 881 1025 a
903 960 1108 1047 popularibus
1132 962 1197 1025 suis
1221 960 1286 1046 qui,

114 1076 149 1132 ut
176 1068 361 1131 llmmmler
387 1090 451 1131 non
479 1069 585 1152 inepte
613 1070 803 1153 suspicatur,
842 1067 978 1133 Athenis
1008 1068 1070 1132 iam
1099 1050 1156 1131 diu
1185 1074 1286 1131 artem

116 1175 265 1261 pingendi
289 1175 514 1253 exercebant-³).
552 1174 626 1239 Hoc
648 1184 754 1239 eutem
777 1184 919 1261 tempore
943 1174 1055 1240 Cimon
1080 1174 1216 1239 Athenis
1239 1174 1285 1239 rei

113 1281 258 1366 publicae
281 1280 492 1366 gubemoeula
515 1284 670 1345 tractavit.
716 1281 768 1345 Ita
791 1283 985 1368 temporibus
1002 1281 1138 1346 definitis
1154 1289 1287 1367 apparet

114 1388 291 1451 Bnmnimn
316 1398 400 1450 recte
424 1387 561 1451 indicare
585 1388 678 1451 simili
696 1388 860 1453 Cimonem
877 1398 908 1454 et
923 1389 1135 1477 Polygnotum
1160 1387 1286 1453 vinculo

117 1494 359 1560 necessitudinis
383 1506 476 1581 etque
492 1494 646 1559 Periclem
663 1504 695 1559 et
709 1495 855 1559 Phidiam
874 1497 998 1575 iunctos
1014 1495 1156 1578 fuissell.
1187 1493 1286 1572 Quod

115 1601 242 1667 credere
258 1626 320 1667 non
336 1603 454 1683 liceret,
478 1604 504 1667 si
520 1603 717 1688 Polygnotus
733 1626 814 1667 anno
831 1604 955 1692 463f‘t52
972 1603 1115 1667 Athenas
1132 1602 1287 1681 venissct;

116 1710 232 1775 etenim
255 1712 317 1774 iam
340 1734 422 1775 anno
446 1714 510 1774 460
536 1710 649 1775 Cimon
674 1734 691 1774 e
714 1712 815 1796 patria
838 1711 987 1797 expulsus
1011 1718 1068 1775 est.

222 1820 329 1902 Atque
359 1840 454 1896 nnnc,
489 1817 573 1901 qnod
604 1817 772 1880 maximnm
804 1826 865 1898 est,
899 1841 937 1882 eo
966 1820 1066 1904 magis
1096 1816 1289 1901 intellegitur

117 1946 212 2008 queue
225 1924 375 2009 Aeschyli
392 1933 424 1986 et
438 1924 608 2009 Polygnoti
624 1946 719 2011 opera
734 1924 816 1987 inter
832 1946 865 1986 se
882 1926 997 1990 similia
1008 1947 1080 1989 esso
1087 1921 1289 1989 contendam.

226 2111 1288 2207 hlhmmm,ffimnlthBmm‚fflfflndK2anffi.

118 2228 882 2298 hfflmmfflfflmnfflthfflmeydh
