2850 4448
690 159 731 225 30

122 355 418 440 antiquissimorum.
446 354 514 420 'Ita
529 356 697 420 memoriae
712 355 873 443 proditum
897 364 946 420 est
954 360 976 438 ¹)
1000 355 1039 420 ab
1056 355 1163 422 Onata
1178 354 1298 420 artifice

122 461 286 527 Idomenei
310 463 411 548 elipeo
434 462 494 527 hoe
517 462 704 549 inscriptum
726 486 812 528 esso:

229 568 359 654 ,πολλὰ
381 571 441 657 μὲν
465 561 548 637 tilla
572 577 676 661 σοφοῦ
699 568 871 661 ποιήματα
895 571 952 638 καὶ
975 564 1042 639 ao'd'
1066 563 1184 640 ’Graiae
1262 579 1267 589 ’

229 675 317 765 ἔργον
340 667 376 745 ὃν
398 676 519 767 Αἰγίνῃ
542 677 668 766 γείνατο
692 680 801 744 παῖδα
824 677 973 746 Μίκων.“

121 784 290 848 Praeterea
312 784 404 870 clipei
427 786 460 847 in
483 786 568 849 vasis
592 784 669 869 picti
692 784 821 848 inscribi
845 784 996 849 solebant.
1009 788 1031 868 ²)
1070 784 1177 869 Atque
1202 784 1299 847 etiam

122 892 154 955 in
178 891 247 955 aliis
271 913 418 956 vasorum
446 891 635 976 imaginibus
668 899 741 955 ante
771 891 976 976 Aeschylum*
999 890 1081 955 natis
1112 897 1195 955 totas
1225 912 1300 954 sen-

121 999 237 1062 tentias
267 998 434 1083 inscriptas
462 998 605 1083 legimus.
656 997 757 1063 Cuius
787 998 832 1062 rei
861 998 1005 1084 exempla
1031 997 1129 1062 affero
1152 996 1298 1083 hydriam

122 1105 219 1190 nigris
242 1105 349 1190 figuris
373 1112 523 1184 ornatam,
547 1103 665 1169 editam
687 1107 719 1168 in
743 1105 886 1169 Manum.
910 1104 984 1169 dell'
1006 1104 1111 1169 Instit.
1130 1103 1176 1181 H,
1199 1107 1242 1168 49
1266 1104 1299 1185 b,

122 1211 303 1297 amphoram
326 1211 428 1276 rubris
451 1212 558 1296 figuris
582 1213 739 1276 severiore
760 1211 854 1277 modo
871 1212 997 1297 pictam,
1021 1210 1138 1276 editam
1154 1211 1187 1274 in
1203 1210 1296 1275 Mon.

123 1316 196 1382 dell'
218 1317 323 1382 Instit.
346 1317 392 1398 H,
422 1322 478 1398 24,
513 1318 655 1382 eiusdem
681 1319 805 1403 generis
829 1318 970 1398 calicem,
1007 1317 1127 1383 editum
1156 1319 1189 1381 in
1220 1317 1300 1383 Ath.

122 1424 230 1488 Mitth.
256 1428 341 1489 1884
368 1424 405 1488 Τ.
436 1428 463 1488 l.
513 1425 552 1488 In
584 1425 633 1489 his
666 1426 779 1489 artium
810 1428 1020 1490 monumentis
1053 1425 1165 1490 eodem
1198 1424 1297 1489 modo

123 1554 185 1617 quo
208 1532 240 1596 in
264 1532 373 1618 clipeis
397 1532 546 1597 nonnulla
570 1533 666 1598 verba
689 1540 721 1597 et
743 1541 828 1597 totae
852 1533 1026 1597 sententiae
1048 1554 1088 1597 ex
1105 1532 1211 1597 oribus
1227 1554 1301 1618 per-

124 1661 271 1703 sonarum
293 1639 488 1725 loquentium
512 1641 711 1725 proveniunt.

226 1747 298 1811 iam
327 1769 403 1811 vero
434 1769 474 1810 ex
501 1746 652 1832 Aeschyli
682 1746 798 1811 fabulis
830 1769 1021 1832 cognoscere
1051 1746 1127 1812 licet
1155 1753 1301 1811 veterum

124 1876 222 1918 naves
245 1853 358 1938 figuris
382 1853 535 1938 imprimis
559 1853 737 1917 animalium
755 1854 923 1917 instructas
944 1854 1051 1919 fuisse.
1090 1853 1130 1917 In
1146 1852 1301 1938 Aeschyli

124 1961 206 2025 enim
228 1960 286 2044 frg.
312 1963 375 2024 134
399 1968 432 2024 et
457 1961 491 2023 in
514 1959 736 2045 Aristophanis
759 1960 919 2024 Ranarum
943 1984 972 2026 v.
998 1965 1071 2038 932,
1089 1965 1140 2038 33,
1168 1961 1223 2025 ubi
1256 1960 1299 2025 dc

124 2067 284 2152 Aeschylo
308 2069 420 2151 agitur,
443 2067 556 2151 ξοοόὁς
583 2064 836 2155 ἱππαλεκτρυών
859 2069 950 2132 navis
975 2075 1191 2134 ornamentum
1215 2089 1303 2131 com·

125 2182 322 2239 memoratur.
368 2175 443 2252 Qua
470 2175 571 2239 bestia
598 2175 727 2239 mirifice
755 2175 854 2238 mixta
887 2197 926 2238 ex
953 2175 1036 2259 gallo
1065 2182 1098 2239 et
1120 2196 1200 2260 equo
1224 2197 1302 2239 num

124 2282 258 2346 artifices
289 2282 321 2346 in
351 2282 485 2348 navibus
516 2281 703 2346 exornandis
734 2282 783 2346 usi
811 2282 875 2346 sint
902 2281 993 2346 nobis
1021 2304 1084 2344 non
1108 2289 1219 2345 notum
1242 2289 1303 2362 est,

124 2389 181 2453 scd
215 2390 330 2454 scimus
365 2389 441 2453 alias
476 2390 594 2454 bestias
627 2391 728 2474 pictas
766 2388 900 2455 navibus
939 2395 1121 2452 ornamento
1159 2388 1266 2453 fuisse.
1277 2392 1302 2473 3)

124 2496 292 2561 Praeterea
311 2497 343 2560 in
366 2496 451 2560 vasis
475 2495 731 2584 ἱππαλεκτρυών
754 2496 858 2582 pietus
881 2496 1049 2560 invenitur.
1062 2499 1085 2578 4)

232 2603 380 2687 Denique
408 2603 575 2687 figurarum
602 2605 634 2666 in
662 2603 821 2688 tapetibus
850 2604 1004 2687 pictarum
1028 2609 1122 2688 atque
1145 2605 1178 2665 in
1203 2603 1303 2667 vesti-

125 2709 239 2774 mentis
277 2731 334 2772 acu
375 2709 530 2793 pictarum
568 2709 747 2793 Aeschylus
787 2709 978 2772 mentionem
1013 2708 1099 2773 facit.
1143 2709 1304 2794 Tapetum

125 2817 241 2900 figurae
264 2817 340 2879 item
355 2817 472 2879 mixtae
488 2823 721 2899 cognoscuntur
736 2813 826 2894 duae,
842 2837 972 2900 quarum
988 2816 1086 2880 altera
1102 2817 1304 2907 τραγέλαφος

125 2931 183 3002 est,
204 2923 318 2986 animal
334 2922 542 3007 compositum
559 2944 598 2985 ex
614 2943 709 2986 cervo
725 2930 758 2985 et
773 2944 876 3007 capro,
900 2923 997 2987 altera
1013 2915 1270 3010 ἱππαλεκτρυών
1279 2927 1303 3008 5)

126 3052 221 3114 quem
245 3051 340 3115 supra
363 3028 462 3093 attuli.
508 3029 607 3092 Porro
631 3028 821 3093 vestimenta
836 3052 896 3094 acu
912 3029 998 3115 picta
1013 3052 1083 3094 esse
1099 3030 1304 3094 manifestum

126 3144 175 3200 est
199 3144 231 3200 et
254 3159 293 3199 ex
316 3135 490 3221 fragmento
516 3139 594 3216 304,
622 3135 706 3221 quod
731 3136 893 3200 Nauckius
917 3136 1078 3222 Aeschylo
1102 3137 1224 3217 tribuit,
1248 3137 1304 3202 ubi

127 3241 222 3332 ἔποψ
249 3245 282 3306 in
307 3244 496 3307 vestimento
519 3243 628 3307 militis
651 3243 815 3307 cuiusdam
838 3246 942 3329 pictus
966 3251 1240 3323 commemoratur,
1270 3253 1306 3308 et

127 3373 165 3414 ex
194 3349 454 3436 Choephororum
481 3373 575 3416 versu
600 3354 678 3431 224,
701 3374 764 3435 quo
790 3350 921 3414 Orestes
945 3353 1046 3415 vestis
1071 3373 1145 3415 suae
1170 3347 1305 3440 θήρειον

126 3456 251 3548 γραφήν
279 3457 423 3521 Electrae
454 3479 533 3543 quae
557 3480 625 3521 eam
648 3457 819 3542 perfecerit
841 3465 1002 3537 monstrat,
1027 3465 1063 3521 ut
1085 3479 1119 3521 se
1143 3464 1304 3542 agnoscat.

236 3708 255 3775 ¹)
275 3706 426 3760 Pausanias
446 3707 482 3774 V,
502 3709 544 3773 25,
565 3708 606 3760 10.
641 3707 661 3775 2)
680 3706 766 3773 Jahn,
785 3707 902 3761 Vascns.
922 3707 975 3760 No.
997 3707 1073 3761 1305).
1104 3707 1124 3775 ²³)
1143 3705 1228 3772 Jahn,
1247 3705 1264 3759 l.
1280 3724 1303 3760 c.

127 3795 180 3848 No.
195 3798 260 3862 3393
281 3798 329 3850 cfr.
346 3797 469 3866 Hippon.
484 3797 536 3866 frg.
552 3798 586 3850 49
602 3799 611 3865 (
630 3799 647 3864 ).
667 3797 688 3863 ⁴)
703 3795 898 3864 Hcydemaun,
909 3796 956 3850 Gr.
972 3795 1094 3850 Vascub.
1106 3795 1161 3848 tab.
1177 3795 1263 3862 VIII,
1278 3798 1303 3849 4.

128 3885 150 3954 ⁵)
169 3885 362 3955 Aristophanis
382 3887 452 3939 Rau.
472 3904 496 3939 v.
518 3887 578 3952 937,
598 3887 640 3939 38.
